@Inbook{Steffen2011,
	author="Steffen, Bernhard
	and Howar, Falk
	and Merten, Maik",
	editor="Bernardo, Marco
	and Issarny, Val{\'e}rie",
	title="Introduction to Active Automata Learning from a Practical Perspective",
	bookTitle="Formal Methods for Eternal Networked Software Systems: 11th International School on Formal Methods for the Design of Computer, Communication and Software Systems, SFM 2011, Bertinoro, Italy, June 13-18, 2011. Advanced Lectures",
	year="2011",
	publisher="Springer Berlin Heidelberg",
	address="Berlin, Heidelberg",
	pages="256--296",
	isbn="978-3-642-21455-4",
	doi="10.1007/978-3-642-21455-4_8",
	url="https://doi.org/10.1007/978-3-642-21455-4_8"
}
@Inbook{Howar2018,
	author="Howar, Falk
	and Steffen, Bernhard",
	editor="Bennaceur, Amel
	and H{\"a}hnle, Reiner
	and Meinke, Karl",
	title="Active Automata Learning in Practice",
	bookTitle="Machine Learning for Dynamic Software Analysis: Potentials and Limits: International Dagstuhl Seminar 16172, Dagstuhl Castle, Germany, April 24-27, 2016, Revised Papers",
	year="2018",
	publisher="Springer International Publishing",
	address="Cham",
	pages="123--148",
	isbn="978-3-319-96562-8",
	doi="10.1007/978-3-319-96562-8_5",
	url="https://doi.org/10.1007/978-3-319-96562-8_5"
}
@article{ANGLUIN198787,
	title = "Learning regular sets from queries and counterexamples",
	journal = "Information and Computation",
	volume = "75",
	number = "2",
	pages = "87 - 106",
	year = "1987",
	issn = "0890-5401",
	url = "https://doi.org/10.1016/0890-5401(87)90052-6",
	author = "Dana Angluin",
}
@InProceedings{10.1007/978-3-642-34781-8_19,
	author="Merten, Maik
	and Howar, Falk
	and Steffen, Bernhard
	and Margaria, Tiziana",
	editor="H{\"a}hnle, Reiner
	and Knoop, Jens
	and Margaria, Tiziana
	and Schreiner, Dietmar
	and Steffen, Bernhard",
	title="Automata Learning with On-the-Fly Direct Hypothesis Construction",
	booktitle="Leveraging Applications of Formal Methods, Verification, and Validation",
	year="2012",
	publisher="Springer Berlin Heidelberg",
	address="Berlin, Heidelberg",
	pages="248--260",
	isbn="978-3-642-34781-8"
}

